% ########################################
% SECTION Preface
% ########################################
@article{bibitem:koch12005,
  author        = {{Christoph Koch}},
  title         = {{On The Complexity Of Nonrecursive XQuery And Functional Query Languages On Complex Values}},
  journal       = {{ACM Transactions On Database Syststem}},
  volume        = 31,
  number        = 4,
  year          = 2006,
  pages         = {1215--1256},
  ee            = {http://doi.acm.org/10.1145/1189771},
  bibsource     = {DBLP, http://dblp.uni-trier.de}
}

@mastersthesis{bibitem:schmidt2006,
  author        = {{Michael Schmidt, Stefanie Scherzinger, Christoph Koch}},
  title         = {{Combined Static And Dynamic Analysis For Effective Buffer Minimization In Streaming XQuery Evaluation}},
  school        = {{Universit{\"a}t des Saarlandes -- Lehrstuhl f{\"u}r Informationssysteme}},
  year          = 2006,
  url           = {http://www.informatik.uni-freiburg.de/~mschmidt/docs/thesis_csada.pdf},
}

@inproceedings{bibitem:schmidt2007,
  author        = {{Michael Schmidt, Stefanie Scherzinger, Christoph Koch}},
  title         = {{Combined Static And Dynamic Analysis For Effective Buffer Minimization In Streaming XQuery Evaluation}},
  booktitle     = {ICDE},
  year          = 2007,
  pages         = {236--245},
  bibsource     = {DBLP, http://dblp.uni-trier.de}
}
